@online{geeksforgeeks_bubble_sort,
  author    = {GeeksforGeeks},
  title     = {Time and Space Complexity Analysis of Bubble Sort},
  year      = {2021},
  url       = {https://www.geeksforgeeks.org/time-and-space-complexity-analysis-of-bubble-sort/},
  note      = {Accessed: 2025-05-25},
  organization = {GeeksforGeeks}
}

@online{geeksforgeeks_merge_sort,
  author    = {GeeksforGeeks},
  title     = {Time and Space Complexity Analysis of Merge Sort},
  year      = {2021},
  url       = {https://www.geeksforgeeks.org/time-and-space-complexity-analysis-of-merge-sort/},
  note      = {Accessed: 2025-05-25},
  organization = {GeeksforGeeks}
}

@online{geeksforgeeks_quick_sort,
  author    = {GeeksforGeeks},
  title     = {Time and Space Complexity Analysis of Quick Sort},
  year      = {2021},
  url       = {https://www.geeksforgeeks.org/time-and-space-complexity-analysis-of-quick-sort/},
  note      = {Accessed: 2025-05-25},
  organization = {GeeksforGeeks}
}

@online{geeksforgeeks_insertion_sort,
  author    = {GeeksforGeeks},
  title     = {Time and Space Complexity of Insertion Sort Algorithm},
  year      = {2021},
  url       = {https://www.geeksforgeeks.org/time-and-space-complexity-of-insertion-sort-algorithm/},
  note      = {Accessed: 2025-05-25},
  organization = {GeeksforGeeks}
}

@online{geeksforgeeks_heap_sort,
  author    = {GeeksforGeeks},
  title     = {Heap Sort},
  year      = {2021},
  url       = {https://www.geeksforgeeks.org/heap-sort/},
  note      = {Accessed: 2025-05-25},
  organization = {GeeksforGeeks}
}

@online{geeksforgeeks_radix_sort,
  author    = {GeeksforGeeks},
  title     = {Time and Space Complexity of Radix Sort Algorithm},
  year      = {2021},
  url       = {https://www.geeksforgeeks.org/time-and-space-complexity-of-radix-sort-algorithm/},
  note      = {Accessed: 2025-05-25},
  organization = {GeeksforGeeks}
}

