@misc{islene2007lab4,
  author       = {{Islene Calciolari Garcia}},
  title        = {Laboratório 4 - Compactação de Arquivos e Algoritmo de Huffman},
  year         = {2007},
  url          = {https://www.ic.unicamp.br/~islene/mc202/lab4/lab4.html},
  note         = {Instituição: Universidade Estadual de Campinas. Acessado em: 06 abr. 2025}
}

@misc{sappwavheader,
  author       = {{Craig Sapp}},
  title        = {WAVE PCM soundfile format},
  url          = {http://soundfile.sapp.org/doc/WaveFormat/},
  note         = {Instituição: Stanford University. Acessado em: 06 abr. 2025}
}

@misc{bmpfileformat,
  author       = {{Gdansk University of Technology}},
  title        = {VGA File Format Structure in BMP},
  url          = {http://www.ue.eti.pg.gda.pl/fpgalab/zadania.spartan3/zad_vga_struktura_pliku_bmp_en.html},
  note         = {Instituição: Gdansk University of Technology. Acessado em: 06 abr. 2025}
}

