% ---------------------------------------------------------- CLASSICAL PAPERS ----------------------------------------------------------------
@article{hartley1928,
  author = {Hartley, Ralph V. L.},
  title = {Transmission of Information},
  journal = {Bell System Technical Journal},
  volume = {7},
  number = {3},
  pages = {535--563},
  year = {1928},
  doi = {10.1002/j.1538-7305.1928.tb01236.x}
}

@article{shannon1948,
  author = {Shannon, Claude E.},
  title = {A Mathematical Theory of Communication},
  journal = {Bell System Technical Journal},
  volume = {27},
  number = {3},
  pages = {379--423},
  year = {1948},
  doi = {10.1002/j.1538-7305.1948.tb01338.x}
}

@article{huffman1952method,
  title={A Method for the Construction of Minimum-Redundancy Codes},
  author={Huffman, David A.},
  journal={Proceedings of the IRE},
  volume={40},
  number={9},
  pages={1098--1101},
  year={1952},
  publisher={Institute of Radio Engineers},
  doi={10.1109/JRPROC.1952.273898}
}

@article{ziv1977universal,
  title={A universal algorithm for sequential data compression},
  author={Ziv, Jacob and Lempel, Abraham},
  journal={IEEE Transactions on Information Theory},
  volume={23},
  number={3},
  pages={337--343},
  year={1977},
  publisher={IEEE},
  doi={10.1109/TIT.1977.1055714}
}

@article{welch1984technique,
  title={A technique for high-performance data compression},
  author={Welch, Terry A},
  journal={Computer},
  volume={17},
  number={6},
  pages={8--19},
  year={1984},
  publisher={IEEE},
  doi={10.1109/MC.1984.1659158}
}
% ------------------------------------------------------------------------------------------------------------------------------------------

% -------------------------------------------------- NEW DATA COMPRESSION ALGORITHMS --------------------------------------------------------
@inproceedings{alakuijala2016brotli,
  title={Brotli compressed data format},
  author={Alakuijala, Jyrki and Szabadka, Zoltan and Vandevenne, Lode and Farruggia, Robert and Kliuchnikov, Egor and Szabadkai, Istvan and Van Assche, Zoltan},
  booktitle={Proceedings of the 25th International Conference on World Wide Web},
  pages={1593--1603},
  year={2016},
  organization={International World Wide Web Conferences Steering Committee},
  doi={10.1145/2872427.2883049}
}

@misc{collet2016zstandard,
  title={Zstandard Compression Algorithm},
  author={Collet, Yann},
  year={2016},
  url={https://facebook.github.io/zstd/},
}

@misc{wavenet,
  author       = "{DeepMind}",
  title        = "{WaveNet: A generative model for raw audio}",
  year         = {2016},
  url          = {https://deepmind.google/research/breakthroughs/wavenet/},
}
% ------------------------------------------------------------------------------------------------------------------------------------------

% --------------------------------------------------------- IMAGES -------------------------------------------------------------------------
@misc{islene2007lab4,
  author       = {{Islene Calciolari Garcia}},
  title        = {Laboratório 4 - Compactação de Arquivos e Algoritmo de Huffman},
  year         = {2007},
  url          = {https://www.ic.unicamp.br/~islene/mc202/lab4/lab4.html},
  note         = {Instituição: Universidade Estadual de Campinas. Acessado em: 06 abr. 2025}
}

@misc{sappwavheader,
  author       = {{Craig Sapp}},
  title        = {WAVE PCM soundfile format},
  url          = {http://soundfile.sapp.org/doc/WaveFormat/},
  note         = {Instituição: Stanford University. Acessado em: 06 abr. 2025}
}

@misc{bmpfileformat,
  author       = {{Gdansk University of Technology}},
  title        = {VGA File Format Structure in BMP},
  url          = {http://www.ue.eti.pg.gda.pl/fpgalab/zadania.spartan3/zad_vga_struktura_pliku_bmp_en.html},
  note         = {Instituição: Gdansk University of Technology. Acessado em: 06 abr. 2025}
}
% ------------------------------------------------------------------------------------------------------------------------------------------

% ----------------------------------------------------------- UNDEFINED --------------------------------------------------------------------
@book{salomon2007data,
  title={Data Compression: The Complete Reference},
  author={Salomon, David and Motta, Giovanni},
  year={2007},
  publisher={Springer},
  edition={4th},
  isbn={978-1-84628-602-5}
}

@misc{deutsch1996gzip,
  title={GZIP file format specification version 4.3},
  author={Deutsch, Peter},
  year={1996},
  url={https://tools.ietf.org/html/rfc1952},
}
